@incollection{pdpta09,
 year={2009},
 title={Scheduling workflows on a cluster of memory managed multicore machines},
 booktitle={Proceedings of the International Conference on Parallel and Distributed Processing Techniques and Applications (PDPTA)},
 author={H.K. Shrestha and N. Grounds and J. Madden and M. Martin and J.K. Antonio and J. Sachs and J. Zuech and C. Sanchez},
 organization={The Steering Committee of The World Congress in Computer Science, Computer~…}
}

@incollection{costmin,
 year={2009},
 isbn={978-3-642-10664-4},
 booktitle={Cloud Computing},
 volume={5931},
 series={Lecture Notes in Computer Science},
 editor={Jaatun, MartinGilje and Zhao, Gansen and Rong, Chunming},
 doi={10.1007/978-3-642-10665-1_40},
 title={Cost-Minimizing Scheduling of Workflows on a Cloud of Memory Managed Multicore Machines},
 url={http://dx.doi.org/10.1007/978-3-642-10665-1_40},
 publisher={Springer Berlin Heidelberg},
 author={Grounds, Nicolas G. and Antonio, John K. and Muehring, Jeff},
 pages={435-450},
 language={English}
}

@article{taxonomy,
 author = {Casavant, Thomas L. and Kuhl, Jon G.},
 title = {A Taxonomy of Scheduling in General-purpose Distributed Computing Systems},
 journal = {IEEE Trans. Softw. Eng.},
 issue_date = {February 1988},
 volume = {14},
 number = {2},
 month = feb,
 year = {1988},
 issn = {0098-5589},
 pages = {141--154},
 numpages = {14},
 url = {http://dx.doi.org/10.1109/32.4634},
 doi = {10.1109/32.4634},
 acmid = {630963},
 publisher = {IEEE Press},
 address = {Piscataway, NJ, USA},
 keywords = {distributed computing, distributed processing, distributed scheduling, operating systems, operating systems (computers), resource management, scheduling},
}

@article{stochastic,
 author = {Salehi, Mohsen and Smith, Jay and Maciejewski, Anthony and Jay Siegel, Howard and Chong, Edwin and Apodaca, Jonathan and D. Briceño, Luis and Renner, Timothy and Shestak, Vladimir and Ladd, Joshua and Sutton, Andrew and Janovy, David and Govindasamy, Sudha and Alqudah, Amin and Dewri, Rinku and Prakash, Puneet},
 year = {2016},
 month = {06},
 pages = {},
 title = {Stochastic-based robust dynamic resource allocation for independent tasks in heterogeneous computing system},
 volume = {97},
 booktitle = {Journal of Parallel and Distributed Computing}
}

@misc{soasim,
author =   {Nicolas Grounds},
title =    {{SOASim}: Simulator for Distributed System Scheduling},
howpublished = {\url{http://soasim.sourceforge.net/}},
year = {2010--2018}
}

@inproceedings{pdpta18,
  title={A Model-Based Scheduling Framework for Enhancing Robustness},
  author={Grounds, Nicolas and Antonio, John K},
  booktitle={Proceedings of the International Conference on Parallel and Distributed Processing Techniques and Applications (PDPTA)},
  pages={10--15},
  year={2018}
}
